Trd, 000000.600, 37
Trd, 000000.950, 66
Trd, 000001.350, 66
Trd, 000001.775, 66
Trd, 000002.500, 66
Trd, 000002.925, 65
Trd, 000002.975, 62
Trd, 000003.250, 63
Trd, 000003.500, 62
Trd, 000003.600, 59
Trd, 000004.175, 80
Trd, 000004.325, 86
Trd, 000004.875, 79
Trd, 000005.575, 78
Trd, 000005.975, 76
Trd, 000006.075, 78
Trd, 000006.950, 77
Trd, 000007.300, 76
Trd, 000007.500, 76
Trd, 000008.325, 65
Trd, 000008.550, 64
Trd, 000008.650, 65
Trd, 000008.675, 65
Trd, 000009.000, 65
Trd, 000009.450, 63
Trd, 000009.575, 63
Trd, 000009.950, 63
Trd, 000010.050, 63
Trd, 000010.350, 63
Trd, 000010.700, 63
Trd, 000010.975, 62
Trd, 000011.025, 61
Trd, 000011.325, 61
Trd, 000011.450, 60
Trd, 000011.700, 61
Trd, 000012.275, 60
Trd, 000012.700, 60
Trd, 000012.925, 61
Trd, 000013.125, 59
Trd, 000013.450, 60
Trd, 000013.500, 59
Trd, 000013.525, 58
Trd, 000013.800, 58
Trd, 000014.050, 58
Trd, 000014.500, 56
Trd, 000014.650, 57
Trd, 000014.800, 57
Trd, 000015.450, 56
Trd, 000015.500, 56
Trd, 000015.550, 57
Trd, 000016.125, 61.0
Trd, 000016.600, 56
Trd, 000017.125, 55
Trd, 000017.325, 55
Trd, 000017.975, 54
Trd, 000018.025, 53
Trd, 000018.275, 53
Trd, 000018.575, 52
Trd, 000018.675, 51
Trd, 000018.975, 51
Trd, 000019.375, 54
Trd, 000019.700, 53
Trd, 000020.550, 58
Trd, 000021.000, 47
Trd, 000021.150, 54
Trd, 000021.525, 55
Trd, 000021.625, 56
Trd, 000022.450, 57
Trd, 000022.550, 56
Trd, 000023.025, 54
Trd, 000023.050, 57.0
Trd, 000023.125, 58.0
Trd, 000023.425, 55
Trd, 000024.100, 57
Trd, 000024.175, 57
Trd, 000024.925, 59
Trd, 000025.175, 58.0
Trd, 000025.275, 58
Trd, 000025.600, 59
Trd, 000025.650, 58
Trd, 000026.125, 58
Trd, 000026.325, 58
Trd, 000026.825, 58
Trd, 000027.100, 57
Trd, 000027.200, 57
Trd, 000028.100, 56
Trd, 000028.275, 56
Trd, 000028.375, 58
Trd, 000028.950, 55
Trd, 000029.025, 55
Trd, 000029.175, 56
Trd, 000029.650, 55
Trd, 000030.050, 54
Trd, 000030.250, 54
Trd, 000030.325, 53
Trd, 000030.775, 57.0
Trd, 000031.200, 54
Trd, 000031.675, 55
Trd, 000031.775, 54
Trd, 000031.850, 54
Trd, 000032.550, 54
Trd, 000033.125, 53
Trd, 000033.200, 54
Trd, 000033.250, 54
Trd, 000033.625, 65
Trd, 000033.650, 58
Trd, 000033.800, 56
Trd, 000034.425, 56
Trd, 000034.675, 56
Trd, 000035.425, 56
Trd, 000035.550, 57
Trd, 000035.775, 56
Trd, 000035.950, 56
Trd, 000036.075, 56
Trd, 000036.525, 56
Trd, 000036.550, 58.0
Trd, 000036.950, 57
Trd, 000038.100, 53
Trd, 000038.350, 54
Trd, 000038.925, 59
Trd, 000039.225, 58
Trd, 000039.650, 59
Trd, 000039.750, 57
Trd, 000040.375, 61
Trd, 000040.775, 61
Trd, 000040.925, 60
Trd, 000041.300, 60
Trd, 000041.350, 61
Trd, 000041.900, 59
Trd, 000042.300, 58
Trd, 000042.400, 58.0
Trd, 000042.475, 57
Trd, 000042.925, 56
Trd, 000043.575, 58
Trd, 000043.800, 57
Trd, 000043.825, 57
Trd, 000044.175, 56
Trd, 000044.300, 57
Trd, 000044.800, 57
Trd, 000045.000, 56
Trd, 000045.775, 58
Trd, 000046.200, 64
Trd, 000046.575, 65
Trd, 000047.000, 65
Trd, 000047.025, 64
Trd, 000047.050, 64
Trd, 000047.550, 65
Trd, 000047.700, 65
Trd, 000047.800, 65
Trd, 000048.175, 64
Trd, 000048.350, 63
Trd, 000048.700, 62
Trd, 000049.225, 58
Trd, 000049.400, 61
Trd, 000049.675, 61
Trd, 000049.750, 67
Trd, 000050.450, 71
Trd, 000050.550, 71
Trd, 000050.875, 71
Trd, 000051.225, 69
Trd, 000052.550, 70
Trd, 000052.650, 69
Trd, 000052.675, 68
Trd, 000053.000, 67.0
Trd, 000053.225, 66
Trd, 000053.350, 66
Trd, 000053.750, 66
Trd, 000054.275, 66
Trd, 000054.400, 65
Trd, 000054.725, 65
Trd, 000055.400, 64
Trd, 000055.450, 64
Trd, 000055.950, 62
Trd, 000056.275, 62
Trd, 000056.325, 62
Trd, 000057.325, 57
Trd, 000057.625, 54
Trd, 000057.700, 56
Trd, 000058.575, 56
Trd, 000058.825, 58
Trd, 000059.925, 52
Trd, 000060.500, 51
Trd, 000060.575, 52
Trd, 000060.950, 53
Trd, 000061.075, 55
Trd, 000061.225, 52
Trd, 000061.625, 48
Trd, 000062.275, 44
Trd, 000062.350, 46
Trd, 000062.425, 47
Trd, 000062.575, 47
Trd, 000062.900, 47
Trd, 000062.975, 46
Trd, 000063.425, 64.0
Trd, 000064.050, 53
Trd, 000064.150, 53
Trd, 000064.275, 53
Trd, 000064.650, 54
Trd, 000064.700, 52
Trd, 000065.625, 53
Trd, 000066.150, 53
Trd, 000066.425, 54
Trd, 000066.600, 62
Trd, 000067.150, 56
Trd, 000067.350, 56
Trd, 000067.550, 56
Trd, 000068.050, 56
Trd, 000068.400, 56
Trd, 000068.675, 56.0
Trd, 000069.275, 55
Trd, 000069.300, 55.0
Trd, 000070.325, 48
Trd, 000070.500, 52
Trd, 000070.775, 54
Trd, 000070.925, 53
Trd, 000071.125, 65
Trd, 000071.450, 70
Trd, 000071.750, 67
Trd, 000072.150, 68
Trd, 000072.200, 67
Trd, 000072.475, 67
Trd, 000072.800, 62
Trd, 000073.100, 60
Trd, 000073.600, 54
Trd, 000073.775, 52
Trd, 000073.825, 55
Trd, 000074.350, 55
Trd, 000074.750, 53
Trd, 000074.775, 54
Trd, 000075.075, 54
Trd, 000075.425, 54
Trd, 000075.600, 58
Trd, 000076.150, 56
Trd, 000076.375, 57
Trd, 000076.450, 58
Trd, 000076.625, 56
Trd, 000077.100, 56
Trd, 000077.225, 56
Trd, 000077.650, 55
Trd, 000077.950, 54
Trd, 000078.200, 53
Trd, 000078.350, 53
Trd, 000078.925, 55
Trd, 000079.425, 56
Trd, 000079.700, 56
Trd, 000080.350, 58
Trd, 000080.525, 57
Trd, 000080.625, 57
Trd, 000081.550, 57.0
Trd, 000082.150, 56
Trd, 000082.225, 56
Trd, 000082.250, 57
Trd, 000082.850, 56
Trd, 000082.925, 58.0
Trd, 000083.300, 55
Trd, 000083.725, 53
Trd, 000083.750, 53
Trd, 000083.975, 56
Trd, 000084.275, 55
Trd, 000084.575, 56
Trd, 000084.750, 56
Trd, 000085.450, 63
Trd, 000085.550, 63
Trd, 000086.275, 65
Trd, 000086.450, 65
Trd, 000086.900, 67
Trd, 000086.950, 65
Trd, 000087.125, 64
Trd, 000087.350, 64
Trd, 000087.575, 64
Trd, 000087.650, 63
Trd, 000087.925, 63
Trd, 000088.375, 62
Trd, 000089.100, 48
Trd, 000089.150, 50
Trd, 000090.150, 49
Trd, 000090.375, 59
Trd, 000090.700, 61
Trd, 000090.825, 59
Trd, 000091.000, 58
Trd, 000091.300, 46
Trd, 000091.750, 56
Trd, 000091.950, 57
Trd, 000092.150, 56
Trd, 000092.300, 55
Trd, 000092.950, 55
Trd, 000093.550, 56
Trd, 000093.700, 56
Trd, 000093.800, 55.0
Trd, 000094.525, 55
Trd, 000094.550, 56
Trd, 000094.750, 58.0
Trd, 000095.075, 55
Trd, 000096.000, 55
Trd, 000096.250, 54
Trd, 000097.275, 54
Trd, 000097.550, 55
Trd, 000097.725, 54
Trd, 000098.900, 55
Trd, 000099.200, 54
Trd, 000099.550, 54
Trd, 000100.125, 55
Trd, 000101.025, 59
Trd, 000101.250, 55
Trd, 000101.550, 55
Trd, 000101.775, 56
Trd, 000102.175, 55
Trd, 000102.500, 53
Trd, 000102.600, 54
Trd, 000103.725, 55
Trd, 000103.950, 56.0
Trd, 000104.250, 56
Trd, 000104.525, 56
Trd, 000104.900, 55
Trd, 000105.150, 55
Trd, 000105.700, 55
Trd, 000106.150, 61
Trd, 000106.400, 56.0
Trd, 000106.550, 57
Trd, 000107.350, 60
Trd, 000107.450, 58
Trd, 000107.500, 61
Trd, 000107.725, 59
Trd, 000108.625, 60
Trd, 000108.875, 59
Trd, 000109.125, 59
Trd, 000109.500, 58
Trd, 000110.150, 58
Trd, 000110.200, 67
Trd, 000110.850, 59
Trd, 000111.250, 57
Trd, 000112.250, 59
Trd, 000112.275, 60
Trd, 000113.200, 58
Trd, 000113.225, 57
Trd, 000113.325, 58
Trd, 000113.700, 58
Trd, 000113.975, 57
Trd, 000115.000, 57.0
Trd, 000115.200, 57
Trd, 000115.250, 58
Trd, 000115.600, 56
Trd, 000115.650, 57
Trd, 000115.800, 56
Trd, 000116.350, 50
Trd, 000116.825, 52
Trd, 000117.175, 56
Trd, 000117.275, 53
Trd, 000118.025, 52
Trd, 000118.475, 53
Trd, 000118.625, 52
Trd, 000118.825, 52
Trd, 000119.000, 52
Trd, 000119.075, 53
Trd, 000119.300, 52
Trd, 000119.625, 52
Trd, 000119.950, 52
Trd, 000120.500, 52
Trd, 000120.875, 52
Trd, 000121.400, 53
Trd, 000121.600, 52
Trd, 000121.950, 52
Trd, 000122.350, 54
Trd, 000122.850, 55
Trd, 000123.125, 54
Trd, 000123.850, 55
Trd, 000124.000, 54
Trd, 000124.525, 55
Trd, 000125.250, 57.0
Trd, 000125.650, 64
Trd, 000125.775, 62
Trd, 000126.325, 64
Trd, 000126.500, 63
Trd, 000126.525, 65
Trd, 000126.600, 64
Trd, 000126.650, 63
Trd, 000126.750, 66
Trd, 000127.500, 64
Trd, 000127.650, 64
Trd, 000127.875, 65
Trd, 000128.250, 64
Trd, 000128.350, 64
Trd, 000128.650, 65
Trd, 000128.825, 65
Trd, 000129.475, 65
Trd, 000129.550, 64
Trd, 000129.850, 65
Trd, 000129.975, 64
Trd, 000130.500, 62
Trd, 000130.900, 63
Trd, 000131.025, 63
Trd, 000131.350, 63
Trd, 000131.900, 55.0
Trd, 000132.025, 59
Trd, 000132.400, 58
Trd, 000132.775, 50
Trd, 000132.850, 52
Trd, 000133.100, 49
Trd, 000133.575, 58.0
Trd, 000133.875, 55
Trd, 000133.900, 66
Trd, 000135.025, 58.0
Trd, 000135.050, 59
Trd, 000135.150, 57
Trd, 000135.300, 56
Trd, 000135.325, 56
Trd, 000136.225, 54
Trd, 000136.350, 55
Trd, 000136.925, 52
Trd, 000137.100, 53
Trd, 000137.300, 58.0
Trd, 000138.825, 54
Trd, 000139.475, 54
Trd, 000139.775, 53
Trd, 000140.100, 53
Trd, 000140.450, 52
Trd, 000140.675, 52
Trd, 000140.850, 53
Trd, 000141.000, 53
Trd, 000141.250, 54
Trd, 000141.900, 56
Trd, 000142.050, 84
Trd, 000142.200, 73
Trd, 000142.500, 74
Trd, 000143.050, 71
Trd, 000143.075, 70
Trd, 000143.375, 70
Trd, 000143.500, 74
Trd, 000144.000, 71
Trd, 000144.425, 69
Trd, 000144.525, 70
Trd, 000145.075, 70
Trd, 000145.125, 70
Trd, 000145.175, 69
Trd, 000145.975, 57
Trd, 000146.050, 58
Trd, 000146.125, 60
Trd, 000146.425, 61
Trd, 000147.100, 65
Trd, 000147.150, 64
Trd, 000147.225, 62
Trd, 000147.750, 61
Trd, 000147.900, 60
Trd, 000148.025, 63
Trd, 000148.175, 62
Trd, 000148.700, 62
Trd, 000148.950, 61
Trd, 000149.150, 60
Trd, 000149.250, 60
Trd, 000149.625, 58
Trd, 000149.875, 58
Trd, 000150.875, 62
Trd, 000150.950, 59
Trd, 000151.800, 60
Trd, 000151.850, 60
Trd, 000151.900, 61
Trd, 000152.750, 60
Trd, 000153.125, 60
Trd, 000153.675, 60
Trd, 000153.925, 60
Trd, 000154.000, 59
Trd, 000154.025, 60
Trd, 000154.225, 59
Trd, 000154.375, 60
Trd, 000154.875, 81
Trd, 000155.150, 63
Trd, 000155.675, 63
Trd, 000156.300, 61
Trd, 000156.550, 56
Trd, 000156.700, 61
Trd, 000156.950, 60
Trd, 000157.100, 61
Trd, 000157.175, 60
Trd, 000157.250, 60
Trd, 000157.925, 59
Trd, 000158.175, 60
Trd, 000158.475, 60
Trd, 000158.625, 59
Trd, 000159.900, 58
Trd, 000160.125, 57
Trd, 000160.325, 57
Trd, 000160.475, 57
Trd, 000160.775, 57
Trd, 000161.500, 56
Trd, 000162.125, 55
Trd, 000162.475, 54
Trd, 000162.700, 54
Trd, 000162.925, 54
Trd, 000163.075, 54
Trd, 000163.725, 54
Trd, 000164.000, 72
Trd, 000164.175, 68
Trd, 000164.250, 65
Trd, 000165.000, 53
Trd, 000165.150, 53
Trd, 000165.550, 53
Trd, 000165.825, 55
Trd, 000166.000, 55
Trd, 000166.300, 57
Trd, 000166.500, 57
Trd, 000166.950, 45.0
Trd, 000167.325, 56
Trd, 000167.825, 57
Trd, 000168.325, 63
Trd, 000168.575, 64
Trd, 000168.975, 64
Trd, 000169.250, 62
Trd, 000169.600, 61
Trd, 000169.775, 62
Trd, 000169.875, 61
Trd, 000170.200, 60
Trd, 000170.350, 61
Trd, 000170.475, 61
Trd, 000171.050, 62.0
Trd, 000171.600, 61
Trd, 000171.775, 61
Trd, 000172.025, 61
Trd, 000172.450, 61
Trd, 000172.775, 60
Trd, 000173.450, 59
Trd, 000173.725, 59
Trd, 000174.300, 56
Trd, 000174.500, 57
Trd, 000174.750, 55
Trd, 000175.125, 53
Trd, 000175.375, 60
Trd, 000176.000, 55
Trd, 000176.050, 46
Trd, 000176.300, 55
Trd, 000176.800, 52
Trd, 000177.150, 52
Trd, 000177.250, 52
Trd, 000177.625, 53
Trd, 000178.000, 53
Trd, 000178.050, 53
Trd, 000179.475, 54
Trd, 000179.800, 54
Trd, 000179.825, 53
Trd, 000180.075, 53
Trd, 000180.375, 53
Trd, 000180.875, 53
Trd, 000181.075, 54
Trd, 000181.300, 55
Trd, 000181.975, 78.0
Trd, 000182.775, 80
Trd, 000182.900, 79
Trd, 000183.250, 81.0
Trd, 000183.425, 80
Trd, 000183.775, 80
Trd, 000184.525, 80
Trd, 000184.875, 79
Trd, 000185.075, 81
Trd, 000185.400, 81.0
Trd, 000185.450, 85
Trd, 000186.375, 82
Trd, 000186.500, 81
Trd, 000187.700, 82
Trd, 000187.900, 82
Trd, 000188.100, 81
Trd, 000189.325, 88
Trd, 000189.525, 86
Trd, 000189.925, 85
Trd, 000190.450, 84
Trd, 000190.600, 84
Trd, 000191.200, 84
Trd, 000191.850, 83
Trd, 000191.900, 83
Trd, 000192.075, 84
Trd, 000192.400, 80
Trd, 000192.450, 81
Trd, 000192.875, 80
Trd, 000193.325, 79
Trd, 000193.700, 78
Trd, 000194.125, 79
Trd, 000194.575, 78.0
Trd, 000194.600, 77
Trd, 000194.750, 77
Trd, 000195.075, 78
Trd, 000195.300, 77
Trd, 000195.950, 77
Trd, 000196.725, 77
Trd, 000197.050, 76
Trd, 000197.275, 75
Trd, 000197.650, 75
Trd, 000198.000, 75
Trd, 000198.925, 79
Trd, 000199.325, 79
Trd, 000200.025, 78
Trd, 000200.375, 81
Trd, 000200.950, 86
Trd, 000201.400, 85
Trd, 000201.875, 80
Trd, 000202.300, 79
Trd, 000202.325, 80
Trd, 000202.475, 80
Trd, 000202.600, 79
Trd, 000203.150, 80
Trd, 000203.250, 79
Trd, 000204.225, 80
Trd, 000204.575, 80
Trd, 000205.225, 81
Trd, 000205.825, 80
Trd, 000206.250, 81
Trd, 000206.300, 82.0
Trd, 000206.350, 81
Trd, 000207.100, 80
Trd, 000207.900, 71
Trd, 000208.100, 70
Trd, 000208.150, 70
Trd, 000208.250, 71
Trd, 000208.425, 72.0
Trd, 000208.675, 71
Trd, 000210.050, 77
Trd, 000210.175, 73
Trd, 000211.275, 73
Trd, 000211.475, 73
Trd, 000211.525, 75
Trd, 000211.800, 74
Trd, 000212.600, 74
Trd, 000212.925, 72
Trd, 000213.450, 76
Trd, 000213.775, 76
Trd, 000214.250, 76
Trd, 000214.575, 85
Trd, 000214.650, 80
Trd, 000215.225, 83
Trd, 000215.275, 83
Trd, 000215.450, 82
Trd, 000215.925, 81
Trd, 000216.825, 78
Trd, 000217.225, 79
Trd, 000217.600, 90
Trd, 000218.375, 95
Trd, 000218.775, 93
Trd, 000219.100, 93
Trd, 000219.425, 91
Trd, 000219.700, 91
Trd, 000220.350, 90
Trd, 000220.825, 87.0
Trd, 000221.125, 88
Trd, 000221.650, 81
Trd, 000221.775, 84
Trd, 000222.375, 84
Trd, 000222.400, 83
Trd, 000222.600, 83
Trd, 000222.650, 83
Trd, 000223.225, 80
Trd, 000223.400, 78
Trd, 000223.825, 77
Trd, 000223.875, 78
Trd, 000224.200, 77
Trd, 000224.550, 77
Trd, 000225.325, 76
Trd, 000225.350, 76
Trd, 000225.700, 76
Trd, 000227.025, 75
Trd, 000227.125, 75
Trd, 000227.225, 75
Trd, 000227.350, 74
Trd, 000228.675, 79
Trd, 000228.825, 79
Trd, 000228.875, 78
Trd, 000229.200, 78
Trd, 000229.400, 77
Trd, 000230.150, 77
Trd, 000230.300, 76
Trd, 000230.875, 76
Trd, 000231.850, 73
Trd, 000232.225, 71
Trd, 000232.300, 73
Trd, 000232.575, 73
Trd, 000233.250, 74
Trd, 000233.325, 73
Trd, 000233.425, 72
Trd, 000233.975, 72
Trd, 000234.225, 73
Trd, 000234.400, 73
Trd, 000234.525, 72
Trd, 000234.675, 72
Trd, 000234.725, 72
Trd, 000235.025, 73
Trd, 000235.125, 73
Trd, 000235.775, 76
Trd, 000236.025, 76
Trd, 000236.975, 75
Trd, 000237.125, 73
Trd, 000237.450, 72
Trd, 000237.575, 72
Trd, 000238.125, 72
Trd, 000238.375, 71
Trd, 000238.400, 71
Trd, 000238.625, 72
Trd, 000238.925, 72.0
Trd, 000239.700, 71
Trd, 000239.825, 72
Trd, 000240.150, 75.0
Trd, 000240.700, 71
Trd, 000242.425, 71
Trd, 000242.525, 72.0
Trd, 000243.550, 72
Trd, 000243.800, 72
Trd, 000244.325, 72
Trd, 000244.475, 73
Trd, 000245.450, 75
Trd, 000245.875, 75
Trd, 000245.975, 74
Trd, 000246.525, 76
Trd, 000247.175, 93
Trd, 000247.425, 89
Trd, 000247.575, 81
Trd, 000247.750, 81
Trd, 000248.300, 81
Trd, 000248.450, 81
Trd, 000248.500, 81
Trd, 000248.725, 80
Trd, 000249.100, 80
Trd, 000249.400, 81
Trd, 000249.600, 80
Trd, 000249.975, 81
Trd, 000250.700, 84
Trd, 000250.750, 83
Trd, 000251.350, 83
Trd, 000252.050, 78
Trd, 000252.275, 78
Trd, 000252.550, 77.0
Trd, 000252.600, 78
Trd, 000252.900, 77
Trd, 000253.500, 77
Trd, 000254.225, 77.0
Trd, 000255.300, 75.0
Trd, 000255.500, 75
Trd, 000255.750, 76
Trd, 000256.375, 75
Trd, 000256.475, 75
Trd, 000256.525, 75
Trd, 000256.675, 75
Trd, 000257.450, 80
Trd, 000257.725, 75.0
Trd, 000258.375, 78.0
Trd, 000258.700, 76
Trd, 000259.300, 66
Trd, 000259.675, 71
Trd, 000259.975, 68
Trd, 000260.000, 69
Trd, 000261.375, 72
Trd, 000261.600, 71
Trd, 000261.650, 70
Trd, 000261.925, 69
Trd, 000262.050, 71
Trd, 000262.300, 72.0
Trd, 000262.675, 71
Trd, 000263.275, 74
Trd, 000263.825, 72
Trd, 000263.950, 75
Trd, 000264.850, 70
Trd, 000265.075, 70
Trd, 000265.675, 74
Trd, 000265.750, 72
Trd, 000265.975, 72
Trd, 000266.225, 81
Trd, 000266.925, 75
Trd, 000267.250, 77
Trd, 000267.875, 80
Trd, 000268.025, 77
Trd, 000268.175, 78
Trd, 000268.250, 84
Trd, 000268.625, 76
Trd, 000268.650, 77
Trd, 000269.025, 77
Trd, 000269.325, 69
Trd, 000269.675, 79
Trd, 000270.550, 76
Trd, 000270.675, 77
Trd, 000270.900, 76
Trd, 000271.275, 78
Trd, 000271.350, 77
Trd, 000271.600, 77
Trd, 000272.000, 76
Trd, 000273.025, 76
Trd, 000273.225, 76
Trd, 000273.425, 75.0
Trd, 000274.125, 75.0
Trd, 000274.925, 75
Trd, 000275.375, 75
Trd, 000275.525, 75
Trd, 000275.825, 75
Trd, 000276.475, 76
Trd, 000276.725, 82
Trd, 000276.950, 78
Trd, 000276.975, 77
Trd, 000277.050, 78.0
Trd, 000277.575, 77
Trd, 000277.700, 78
Trd, 000277.800, 77
Trd, 000278.250, 76
Trd, 000278.350, 77
Trd, 000279.100, 67
Trd, 000279.300, 65
Trd, 000279.500, 68
Trd, 000279.750, 65.0
Trd, 000280.400, 73
Trd, 000280.925, 81
Trd, 000281.400, 81
Trd, 000281.500, 79
Trd, 000281.525, 78
Trd, 000281.675, 80
Trd, 000281.950, 79
Trd, 000282.400, 79
Trd, 000282.600, 78
Trd, 000282.900, 78
Trd, 000283.050, 77
Trd, 000283.125, 77
Trd, 000283.850, 77
Trd, 000284.650, 76
Trd, 000285.275, 75
Trd, 000285.825, 77
Trd, 000285.900, 76
Trd, 000286.000, 76
Trd, 000286.500, 75
Trd, 000286.575, 74
Trd, 000286.950, 73
Trd, 000287.225, 70
Trd, 000287.600, 72
Trd, 000287.800, 71
Trd, 000288.100, 72
Trd, 000288.150, 71
Trd, 000288.775, 71
Trd, 000289.625, 72
Trd, 000289.900, 76
Trd, 000289.975, 75
Trd, 000290.100, 76
Trd, 000290.725, 73
Trd, 000291.075, 74
Trd, 000291.200, 74.0
Trd, 000291.525, 73
Trd, 000291.750, 74.0
Trd, 000291.800, 74
Trd, 000292.500, 74
Trd, 000293.025, 73
Trd, 000293.175, 73
Trd, 000294.000, 74
Trd, 000294.125, 89
Trd, 000295.050, 76
Trd, 000295.150, 75
Trd, 000295.275, 74
Trd, 000296.125, 75
Trd, 000296.325, 74
Trd, 000296.500, 73
Trd, 000296.725, 73
Trd, 000297.050, 73
Trd, 000297.350, 74
Trd, 000297.650, 72
Trd, 000297.750, 72
Trd, 000298.400, 73
Trd, 000298.525, 74
Trd, 000298.725, 74
Trd, 000299.075, 72
Trd, 000299.550, 72
Trd, 000299.800, 72
Trd, 000300.250, 73
Trd, 000300.275, 73
Trd, 000300.550, 90
Trd, 000300.600, 81
Trd, 000300.875, 79
Trd, 000301.725, 89
Trd, 000301.850, 87.0
Trd, 000302.050, 85
Trd, 000303.175, 85
Trd, 000303.200, 85
Trd, 000303.275, 83
Trd, 000303.525, 79.0
Trd, 000304.525, 72
Trd, 000304.550, 74
Trd, 000304.825, 75
Trd, 000305.950, 78
Trd, 000306.000, 77
Trd, 000306.225, 77
Trd, 000307.025, 79
Trd, 000307.075, 78
Trd, 000307.250, 79
Trd, 000307.550, 78
Trd, 000307.725, 78
Trd, 000307.775, 79
Trd, 000308.950, 66
Trd, 000309.050, 67
Trd, 000309.500, 73
Trd, 000309.675, 72
Trd, 000310.125, 73
Trd, 000310.550, 73
Trd, 000311.100, 75
Trd, 000311.525, 79
Trd, 000311.675, 76
Trd, 000312.025, 73
Trd, 000312.425, 75
Trd, 000312.450, 76
Trd, 000312.825, 75
Trd, 000313.125, 74
Trd, 000313.275, 74
Trd, 000313.975, 71
Trd, 000314.325, 67
Trd, 000314.375, 70
Trd, 000314.900, 72
Trd, 000315.025, 72
Trd, 000315.550, 74
Trd, 000315.575, 74
Trd, 000315.650, 73
Trd, 000316.000, 75
Trd, 000316.800, 75
Trd, 000316.825, 75
Trd, 000316.975, 76.0
Trd, 000317.650, 75
Trd, 000319.150, 76
Trd, 000319.600, 76
Trd, 000319.675, 75
Trd, 000320.650, 76
Trd, 000321.125, 75
Trd, 000321.150, 75
Trd, 000321.350, 75.0
Trd, 000322.100, 76
Trd, 000322.250, 97
Trd, 000323.175, 78
Trd, 000323.550, 78
Trd, 000324.275, 77
Trd, 000324.400, 78
Trd, 000324.825, 77
Trd, 000324.925, 76.0
Trd, 000325.700, 77
Trd, 000325.975, 75
Trd, 000326.500, 75
Trd, 000326.800, 76
Trd, 000327.325, 78
Trd, 000327.675, 77
Trd, 000327.850, 76
Trd, 000328.000, 70
Trd, 000328.300, 73
Trd, 000328.800, 70
Trd, 000329.100, 71
Trd, 000329.600, 71
Trd, 000330.000, 78.0
Trd, 000330.350, 72
Trd, 000330.650, 74
Trd, 000331.025, 81
Trd, 000331.575, 81
Trd, 000331.925, 80
Trd, 000332.050, 79
Trd, 000332.375, 77
Trd, 000332.975, 77
Trd, 000333.050, 77
Trd, 000333.775, 79
Trd, 000334.200, 84
Trd, 000334.250, 79
Trd, 000334.400, 80
Trd, 000335.075, 80
Trd, 000335.350, 81.0
Trd, 000335.550, 79
Trd, 000335.575, 79
Trd, 000335.800, 79
Trd, 000336.250, 79
Trd, 000336.625, 78
Trd, 000337.025, 78
Trd, 000337.450, 78
Trd, 000337.800, 79
Trd, 000337.875, 79
Trd, 000337.925, 78
Trd, 000338.300, 78
Trd, 000338.725, 78
Trd, 000338.875, 80
Trd, 000339.025, 76
Trd, 000339.675, 76
Trd, 000340.050, 75
Trd, 000340.175, 76
Trd, 000340.550, 76
Trd, 000340.875, 76
Trd, 000341.000, 80
Trd, 000341.950, 76
Trd, 000342.525, 81
Trd, 000342.825, 78
Trd, 000343.100, 77
Trd, 000343.225, 83
Trd, 000343.900, 83
Trd, 000344.000, 85
Trd, 000344.300, 83
Trd, 000344.575, 83
Trd, 000344.600, 84
Trd, 000344.900, 88
Trd, 000345.000, 86
Trd, 000346.000, 76
Trd, 000346.500, 78
Trd, 000346.750, 75
Trd, 000346.900, 75.0
Trd, 000347.500, 75
Trd, 000348.025, 77.0
Trd, 000348.050, 75
Trd, 000348.750, 75
Trd, 000349.300, 75
Trd, 000349.500, 74
Trd, 000350.075, 73
Trd, 000350.775, 62
Trd, 000350.900, 62
Trd, 000351.550, 63
Trd, 000352.225, 79
Trd, 000352.250, 76
Trd, 000352.325, 73
Trd, 000352.700, 71
Trd, 000353.050, 68
Trd, 000353.100, 81
Trd, 000353.775, 71
Trd, 000354.675, 68
Trd, 000354.900, 71.0
Trd, 000354.925, 75
Trd, 000355.150, 68
Trd, 000355.325, 70
Trd, 000356.575, 78
Trd, 000356.950, 79
Trd, 000357.000, 78
Trd, 000357.075, 77
Trd, 000357.225, 76
Trd, 000357.850, 76
Trd, 000357.975, 76
Trd, 000358.450, 77
Trd, 000358.575, 76
Trd, 000358.625, 76
Trd, 000358.850, 76
Trd, 000359.425, 75
Trd, 000359.850, 74
